@misc{kotlin,
title = {Kotlin},
howpublished = {\url{https://kotlinlang.org/}},
note = "[Accessed 23-February-2025]",
}

@misc{spring,
title = {Spring Framework},
howpublished = {\url{https://spring.io/}},
note = "[Accessed 23-February-2025]",
}

@misc{postgresql,
title = {PostgreSQL},
howpublished = {\url{https://www.postgresql.org/}},
note = "[Accessed 23-February-2025]",
}

@misc{typescript,
title = {TypeScript},
howpublished = {\url{https://www.typescriptlang.org/}},
note = "[Accessed 23-February-2025]",
}

@misc{react,
title = {React},
howpublished = {\url{https://react.dev/}},
note = "[Accessed 23-February-2025]",
}



